@inproceedings{cormack2014evaluation,
 author = {Cormack, Gordon V. and Grossman, Maura R.},
 title = {Evaluation of Machine-learning Protocols for Technology-assisted Review in Electronic Discovery},
 booktitle = {Proceedings of the 37th International ACM SIGIR Conference on Research and Development in Information Retrieval},
 year = {2014},
 location = {Gold Coast, Queensland, Australia},
 pages = {153--162},
 numpages = {10},
 publisher = {ACM},
} 

@inproceedings{grossman2016trec,
  title="{TREC 2016 total recall track overview}",
  author={Grossman, Maura R and Cormack, Gordon V and Roegiest, Adam},
  booktitle={TREC},
  year={2016}
}

@article{roegiest2015trec,
  title="{TREC 2015 total recall track overview}",
  author={Roegiest, Adam and Cormack, Gordon V and Grossman, Maura R and Clarke, Charles},
  journal={Proc. TREC-2015},
  year={2015}
}

@article{cormack2015autonomy,
  title={Autonomy and reliability of continuous active learning for technology-assisted review},
  author={Cormack, Gordon V and Grossman, Maura R},
  journal={arXiv preprint arXiv:1504.06868},
  year={2015}
}

@inproceedings{sculley2010combined,
  title={Combined regression and ranking},
  author={Sculley, David},
  booktitle={Proceedings of the 16th ACM SIGKDD international conference on Knowledge discovery and data mining},
  pages={979--988},
  year={2010},
  organization={ACM}
}

@inproceedings{zhang2017uwaterloomds,
  title="{UWaterlooMDS at the TREC 2017 common core track}",
  author={Zhang, Haotian and Abualsaud, Mustafa and Ghelani, Nimesh and Ghosh, Angshuman and Smucker, Mark D and Cormack, Gordon V and Grossman, Maura R},
  year={2017},
  organization={TREC}
}

@inproceedings{sigirdemo,
 author = {Abualsaud, Mustafa and Ghelani, Nimesh and Zhang, Haotian and Smucker, Mark D. and Cormack, Gordon V. and Grossman, Maura R.},
 title = {A System for Efficient High-Recall Retrieval},
 booktitle = {The 41st International ACM SIGIR Conference on Research and Development in Information Retrieval},
 year = {2018},
 location = {Ann Arbor, MI, USA},
 pages = {1317--1320},
 numpages = {4},
 publisher = {ACM}
} 

@article{yu2016read,
  title={How to read less: Better machine assisted reading methods for systematic literature reviews},
  author={Yu, Zhe and Kraft, Nicholas A and Menzies, Tim},
  journal={CoRR, abs/1612.03224},
  year={2016}
}

@article{oard2013information,
  title={Information retrieval for e-discovery},
  author={Oard, Douglas W and Webber, William and others},
  journal={Foundations and Trends{\textregistered} in Information Retrieval},
  volume={7},
  number={2--3},
  pages={99--237},
  year={2013},
  publisher={Now Publishers, Inc.}
}

@inproceedings{harman1993overview,
 author = {Harman, Donna},
 title = "{Overview of the first TREC conference}",
 booktitle = {Proceedings of the 16th Annual International ACM SIGIR Conference on Research and Development in Information Retrieval},
 year = {1993},
 location = {Pittsburgh, Pennsylvania, USA},
 pages = {36--47},
 numpages = {12},
 publisher = {ACM},
} 
