@article{grossman2010technology,
  title={Technology-assisted review in e-discovery can be more effective and more efficient than exhaustive manual review},
  author={Grossman, Maura R and Cormack, Gordon V},
  journal={Rich. JL \& Tech.},
  volume={17},
  pages={1},
  year={2010},
  publisher={HeinOnline}
}

@article{roitblat2010document,
  title={Document categorization in legal electronic discovery: computer classification vs. manual review},
  author={Roitblat, Herbert L and Kershaw, Anne and Oot, Patrick},
  journal={Journal of the Association for Information Science and Technology},
  volume={61},
  number={1},
  pages={70--80},
  year={2010},
  publisher={Wiley Online Library}
}

@inproceedings{sigirdemo,
  title={A System for Efficient High-Recall Retrieval},
  author={Abualsaud, Mustafa and Ghelani, Nimesh and Zhang, Haotian and Smucker, Mark D and Cormack, Gordon V and Grossman, Maura R},
  booktitle={Proceedings of the 41st international ACM SIGIR conference on Research \& development in information retrieval},
  year={2018},
  organization={ACM}
}

@inproceedings{cormack2014evaluation,
  title={Evaluation of machine-learning protocols for technology-assisted review in electronic discovery},
  author={Cormack, Gordon V and Grossman, Maura R},
  booktitle={Proceedings of the 37th international ACM SIGIR conference on Research \& development in information retrieval},
  pages={153--162},
  year={2014},
  organization={ACM}
}

@inproceedings{grossman2016trec,
  title={TREC 2016 Total Recall Track Overview.},
  author={Grossman, Maura R and Cormack, Gordon V and Roegiest, Adam},
  booktitle={TREC},
  year={2016}
}

@article{roegiest2015trec,
  title={TREC 2015 total recall track overview},
  author={Roegiest, Adam and Cormack, Gordon V and Grossman, Maura R and Clarke, Charles},
  journal={Proc. TREC-2015},
  year={2015}
}

@inproceedings{sculley2010combined,
  title={Combined regression and ranking},
  author={Sculley, David},
  booktitle={Proceedings of the 16th ACM SIGKDD international conference on Knowledge discovery and data mining},
  pages={979--988},
  year={2010},
  organization={ACM}
}

@article{cormack2015autonomy,
  title={Autonomy and reliability of continuous active learning for technology-assisted review},
  author={Cormack, Gordon V and Grossman, Maura R},
  journal={arXiv preprint arXiv:1504.06868},
  year={2015}
}

@inproceedings{zhang2017uwaterloomds,
  title={UWaterlooMDS at the TREC 2017 Common Core Track},
  author={ZHANG, HAOTIAN and ABUALSAUD, MUSTAFA and GHELANI, NIMESH and GHOSH, ANGSHUMAN and SMUCKER, MARK D and CORMACK, GORDON V and GROSSMAN, MAURA R},
  year={2017},
  organization={TREC}
}

@article{joachims1999svmlight,
  title={Svmlight: Support vector machine},
  author={Joachims, Thorsten},
  journal={SVM-Light Support Vector Machine http://svmlight. joachims. org/, University of Dortmund},
  volume={19},
  number={4},
  year={1999}
}

@book{devroye,
  author = {Devroye, Luc},
  date = {1986)},
  description = {Non-Uniform Random Variate Generation},
  publisher = {Springer-Verlag, New York},
  title = {Non-Uniform Random Variate Generation},
  year = 1986
}

@inproceedings{grossman2011overview,
  title={Overview of the TREC 2011 Legal Track.},
  author={Grossman, Maura R and Cormack, Gordon V and Hedin, Bruce and Oard, Douglas W},
  booktitle={TREC},
  volume={11},
  year={2011}
}

@inproceedings{li2014req,
  title={Req-rec: High recall retrieval with query pooling and interactive classification},
  author={Li, Cheng and Wang, Yue and Resnick, Paul and Mei, Qiaozhu},
  booktitle={Proceedings of the 37th international ACM SIGIR conference on Research \& development in information retrieval},
  pages={163--172},
  year={2014},
  organization={ACM}
}

@article{hogan2010automation,
  title={Automation of legal sensemaking in e-discovery},
  author={Hogan, Christopher and Bauer, Robert S and Brassil, Dan},
  journal={Artificial Intelligence and Law},
  volume={18},
  number={4},
  pages={431--457},
  year={2010},
  publisher={Springer}
}

@inproceedings{voorhees2001philosophy,
  title={The philosophy of information retrieval evaluation},
  author={Voorhees, Ellen M},
  booktitle={Workshop of the cross-language evaluation forum for european languages},
  pages={355--370},
  year={2001},
  organization={Springer}
}

@article{oard2013information,
  title={Information retrieval for e-discovery},
  author={Oard, Douglas W and Webber, William and others},
  journal={Foundations and Trends{\textregistered} in Information Retrieval},
  volume={7},
  number={2--3},
  pages={99--237},
  year={2013},
  publisher={Now Publishers, Inc.}
}

@article{oard2010evaluation,
  title={Evaluation of information retrieval for E-discovery},
  author={Oard, Douglas W and Baron, Jason R and Hedin, Bruce and Lewis, David D and Tomlinson, Stephen},
  journal={Artificial Intelligence and Law},
  volume={18},
  number={4},
  pages={347--386},
  year={2010},
  publisher={Springer}
}

@article{roegiest2017design,
  title={On Design and Evaluation of High-Recall Retrieval Systems for Electronic Discovery},
  author={Roegiest, Adam},
  year={2017},
  publisher={University of Waterloo}
}

@article{blair1985evaluation,
  title={An evaluation of retrieval effectiveness for a full-text document-retrieval system},
  author={Blair, David C and Maron, Melvin E},
  journal={Communications of the ACM},
  volume={28},
  number={3},
  pages={289--299},
  year={1985},
  publisher={ACM}
}

@inproceedings{cormack1998efficient,
  title={Efficient construction of large test collections},
  author={Cormack, Gordon V and Palmer, Christopher R and Clarke, Charles LA},
  booktitle={Proceedings of the 21st annual international ACM SIGIR conference on Research and development in information retrieval},
  pages={282--289},
  year={1998},
  organization={ACM}
}

@inproceedings{harman1993overview,
  title={Overview of the first TREC conference},
  author={Harman, Donna},
  booktitle={Proceedings of the 16th annual international ACM SIGIR conference on Research and development in information retrieval},
  pages={36--47},
  year={1993},
  organization={ACM}
}

@article{grossman2014grossman,
title={Grossman-Cormack Glossary of Technology-Assisted Review, The},
author={Grossman, Maura R and Cormack, Gordon V},
journal={Fed. Cts. L. Rev.},
volume={7},
pages={85},
year={2014},
publisher={HeinOnline}
}

@article{yu2016read,
  title={How to read less: Better machine assisted reading methods for systematic literature reviews},
  author={Yu, Zhe and Kraft, Nicholas A and Menzies, Tim},
  journal={CoRR, abs/1612.03224},
  year={2016}
}

@inproceedings{van2015university,
  title={The University of Amsterdam (ILPS) at TREC 2015 Total Recall Track.},
  author={van Dijk, David and Ren, Zhaochun and Kanoulas, Evangelos and de Rijke, Maarten},
  booktitle={TREC},
  year={2015}
}

@inproceedings{hagen2015webis,
  title={Webis at TREC 2015: Tasks and Total Recall Tracks.},
  author={Hagen, Matthias and G{\"o}ring, Steve and Keil, Magdalena and Anifowose, Olaoluwa and Othman, Amir and Stein, Benno},
  booktitle={TREC},
  year={2015}
}

@inproceedings{cormack2016scalability,
  title={Scalability of continuous active learning for reliable high-recall text classification},
  author={Cormack, Gordon V and Grossman, Maura R},
  booktitle={Proceedings of the 25th ACM International on Conference on Information and Knowledge Management},
  pages={1039--1048},
  year={2016},
  organization={ACM}
}

@techreport{lupu2015tuw,
  title={TUW at the first Total Recall Track},
  author={Lupu, Mihai},
  year={2015},
  institution={Vienna University of Technology Vienna Austria}
}

@article{cormack2011efficient,
  title={Efficient and effective spam filtering and re-ranking for large web datasets},
  author={Cormack, Gordon V and Smucker, Mark D and Clarke, Charles LA},
  journal={Information retrieval},
  volume={14},
  number={5},
  pages={441--465},
  year={2011},
  publisher={Springer}
}

@article{crammer2006online,
  title={Online passive-aggressive algorithms},
  author={Crammer, Koby and Dekel, Ofer and Keshet, Joseph and Shalev-Shwartz, Shai and Singer, Yoram},
  journal={Journal of Machine Learning Research},
  volume={7},
  number={Mar},
  pages={551--585},
  year={2006}
}

@inproceedings{sculley2007relaxed,
  title={Relaxed online SVMs for spam filtering},
  author={Sculley, David and Wachman, Gabriel M},
  booktitle={Proceedings of the 30th annual international ACM SIGIR conference on Research and development in information retrieval},
  pages={415--422},
  year={2007},
  organization={ACM}
}

@article{cormack2007online,
  title={Online supervised spam filter evaluation},
  author={Cormack, Gordon V and Lynam, Thomas R},
  journal={ACM Transactions on Information Systems (TOIS)},
  volume={25},
  number={3},
  pages={11},
  year={2007},
  publisher={ACM}
}

@inproceedings{sculley2007online,
  title={Online active learning methods for fast label-efficient spam filtering.},
  author={Sculley, D},
  booktitle={CEAS},
  volume={7},
  pages={143},
  year={2007}
}
